%%%%%%%%%%%%%%%%%%%%%%%%%%%%%%%%%%%%%%%%%%%%%%%%%%%%%%%%%%%%%%%%%%%%%%%%%%%%%%%%
%%
%% Список литературы
%%
%%%%%%%%%%%%%%%%%%%%%%%%%%%%%%%%%%%%%%%%%%%%%%%%%%%%%%%%%%%%%%%%%%%%%%%%%%%%%%%%

@ARTICLE{flask,
  title={Flask Web Development: Developing Web Applications with Python},
  author={Grinberg, Miguel},
  year={2014},
  publisher={O'Reilly Media}
}

@ARTICLE{flask-socketio-docs,
  title = {Flask-Socketio documentation},
  note = {https://flask-socketio.readthedocs.io/en/latest/},
  language = {english}
}